<?xml version="1.0" encoding="UTF-8"?><collection xmlns="http://www.loc.gov/MARC21/slim"><record><leader>00424nam--2200133-i-4500</leader><controlfield tag="001">000047101</controlfield><controlfield tag="002">20161230</controlfield><controlfield tag="005">20161230201046</controlfield><controlfield tag="008">060222s1000------------r-----000-0-eng-d</controlfield><datafield ind1=" " ind2=" " tag="080"><subfield code="a">621.039564.2</subfield></datafield><datafield ind1=" " ind2=" " tag="100"><subfield code="a">Vulliez,Pierre</subfield></datafield><datafield ind1=" " ind2=" " tag="245"><subfield code="a">Dispositifs de mesure continue des flux neutroniques et gamma dans les reacteurs. these</subfield></datafield><datafield ind1=" " ind2=" " tag="260"><subfield code="a">Grenoble, L`Univ.Sc.Et Medicale De Grenoble, 1971. 143 P. + 54 P.Fig.Dif</subfield></datafield><datafield ind1=" " ind2=" " tag="852"><subfield code="a">38991</subfield></datafield></record></collection>